@String(PAMI = {IEEE Trans. Pattern Anal. Mach. Intell.})

@String(PAMI  = {IEEE TPAMI})

@article{Who,
  author = {{World Health Organization (WHO)}},
  note   = {\url{https://www.who.int/}}
}

@article{WhoPhysicalActivityBenefits,
  author = {{WHO Physical Activity Benefits}},
  note   = {\url{https://www.who.int/en/news-room/fact-sheets/detail/physical-activity}}
}

@article{WhoPhysicalActivityGuidelines,
  author = {{WHO Physical Activity Guidelines}},
  note   = {\url{https://www.who.int/publications/i/item/9789240015128}}
}

@article{WhoHealthyDietGuidelines,
  author = {{WHO Healthy Diet Guidelines}},
  note   = {\url{https://www.who.int/initiatives/behealthy/healthy-diet}}
}

@article{Nih,
  author = {{National Institutes of Health (NIH)}},
  note   = {\url{https://www.nih.gov/}}
}

@article{NihMobileStudies,
  author = {{NIH mobile technology studies}},
  note   = {\url{https://www.nih.gov/news-events/news-releases/nih-funded-study-examines-use-mobile-technology-improve-diet-activity-behavior}}
}

@article{NihDeviceMeasurements,
  author = {{NIH Comparison of Self-Reported and Device-Based Measurements}},
  note   = {\url{https://pubmed.ncbi.nlm.nih.gov/33920145/}}
}

@article{NihSmartphoneDieting,
  author = {{NIH Smartphone Applications for Promoting Healthy Diet and Nutrition}},
  note   = {\url{https://pubmed.ncbi.nlm.nih.gov/26819969/}}
}

@article{NihSmartphonePhysicalActivity,
  author = {{NIH Smartphone Applications for Promoting Physical Activity}},
  note   = {\url{https://pubmed.ncbi.nlm.nih.gov/27034992/}}
}

@article{WearableDevicesBrandDiffusion,
  author = {{Global wearable band market in Q2 2024}},
  note   = {\url{https://www.canalys.com/newsroom/worldwide-wearable-band-market-Q2-2024}}
}

@article{Alpher02,
author = {Yaroslav Ganin and Evgeniya Ustinova and Hana Ajakan and Pascal Germain and Hugo Larochelle and Francois Laviolette and Mario Marchand and Victor Lempitsky},
title = {Domain-adversarial training of neural networks},
journal = {JMLR},
volume = {17},
number = {1 },
pages = { 2096--2030},
year = {2016 },
note = {\url{https://arxiv.org/pdf/1505.07818.pdf}},
}

@article{Alpher03,
author={Da Li and Yongxin Yang and Yi-Zhe Song and Timothy M. Hospedales},
title={Deeper, Broader and Artier Domain Generalization},
note = {\url{https://arxiv.org/pdf/1710.03077.pdf}},
journal = {CoRR},
year={2017}
}

@misc{Alpher04,
author = {},
title = {GitHub project repository},
note = {\url{https://github.com/iurada/Activation-Shaping-AML}},
year = {}
}

@misc{Alpher05,
author = {},
title = {Stanford University website},
note = {\url{https://web.stanford.edu/~nanbhas/blog/forward-hooks-pytorch/}},
year = {}
}
